@book{rasmussen2006gaussian,
  title={Gaussian Processes for Machine Learning},
  author={Rasmussen, C.E. and Williams, C.K.I.},
  isbn={9780262182539},
  lccn={2005053433},
  series={Adaptative computation and machine learning series},
  url={http://books.google.co.uk/books?id=vWtwQgAACAAJ},
  year={2006},
  publisher={University Press Group Limited}
}

@inproceedings{zhang2005time,
  title={Time-series Gaussian process regression based on Toeplitz computation of O (N 2) operations and O (N)-level storage},
  author={Zhang, Yunong and Leithead, William E and Leith, Douglas J},
  booktitle={Decision and Control, 2005 and 2005 European Control Conference. CDC-ECC'05. 44th IEEE Conference on},
  pages={3711--3716},
  year={2005},
  organization={IEEE}
}

@article{tsiligkaridis2013, 
author={Tsiligkaridis, T. and Hero, A.O.}, 
journal={Signal Processing, IEEE Transactions on}, 
title={Covariance Estimation in High Dimensions Via Kronecker Product Expansions}, 
year={2013}, 
month={Nov}, 
volume={61}, 
number={21}, 
pages={5347-5360}, 
keywords={Gaussian processes;convergence;covariance matrices;estimation theory;mean square error methods;random processes;Gaussian random sample;Kronecker product covariance estimation;Kronecker product series expansion;ML flip-flop algorithm;MSE convergence rates;PRLS;approximation error;block Toeplitz covariance matrices;estimation error;low separation rank;multivariate wind speed measurement;permuted rank-penalized least-squares;spatio-temporal linear least squares prediction;Brain modeling;Convergence;Covariance matrices;Estimation;Least squares approximations;Standards;Symmetric matrices;Kronecker product decompositions;Structured covariance estimation;high dimensional convergence rates;mean-square error;multivariate prediction;penalized least squares}, 
doi={10.1109/TSP.2013.2279355}, 
ISSN={1053-587X},}

@INPROCEEDINGS{greenewald2013, 
author={Greenewald, K. and Tsiligkaridis, T. and Hero, A.O.}, 
booktitle={Computational Advances in Multi-Sensor Adaptive Processing (CAMSAP), 2013 IEEE 5th International Workshop on}, 
title={Kronecker sum decompositions of space-time data}, 
year={2013}, 
month={Dec}, 
pages={65-68}, 
keywords={covariance matrices;matrix decomposition;mean square error methods;video signal processing;Kronecker structured covariance matrices;Kronecker sum decompositions;asymptotic Cramer-Rao bound;covariance approximation;estimation variance;human activity video;mean squared predictor coefficient estimation error;space-time data;spatiotemporal data;Accuracy;Approximation methods;Covariance matrices;Estimation;Legged locomotion;Load modeling;Standards}, 
doi={10.1109/CAMSAP.2013.6714008},}

@TechReport{gibbs97,
  author =	"M. Gibbs and D. J. C. MacKay",
  title =	"Efficient implementation of {G}aussian processes",
  institution =  "Technical report Cavendish Laboratory",
  address =	"Cambridge, UK",
  year = 	"1997",
}

@incollection{snelson2005,
title = {Sparse Gaussian Processes using Pseudo-inputs},
author = {Edward Snelson and Ghahramani, Zoubin},
booktitle = {Advances in Neural Information Processing Systems 18},
editor = {Y. Weiss and B. Sch\"{o}lkopf and J.C. Platt},
pages = {1257--1264},
year = {2006},
publisher = {MIT Press},
url = {http://papers.nips.cc/paper/2857-sparse-gaussian-processes-using-pseudo-inputs.pdf}
}

@article{jorge1980,
author = {Jorge Nocedal},
title = {{Updating Quasi-Newton Matrices with Limited Storage}},
journal = {Mathematics of Computation},
volume = {35},
year = {1980},
pages = {773--773},
issue = {151},
doi = {10.2307/2006193},
masid = {1271775}
}

@article{laureijs2011,
   author = {{Laureijs}, R. and {Amiaux}, J. and {Arduini}, S. and {Augu{\`e}res}, J.~-. and 
	{Brinchmann}, J. and {Cole}, R. and {Cropper}, M. and {Dabin}, C. and 
	{Duvet}, L. and {Ealet}, A. and et al.},
    title = "{Euclid Definition Study Report}",
  journal = {ArXiv e-prints},
archivePrefix = "arXiv",
   eprint = {1110.3193},
 primaryClass = "astro-ph.CO",
 keywords = {Astrophysics - Cosmology and Extragalactic Astrophysics, Astrophysics - Galaxy Astrophysics},
     year = 2011,
    month = oct,
   adsurl = {http://adsabs.harvard.edu/abs/2011arXiv1110.3193L},
  adsnote = {Provided by the SAO/NASA Astrophysics Data System}
}

@article{foster2009, 
    Author = {Leslie Foster and Alex Waagen and Nabeela Aijaz and Michael Hurley and Apolonio Luis and Joel Rinsky and Chandrika Satyavolu and Michael J. Way and Paul R. Gazis and Ashok Srivastava}, 
    Url = {http://jmlr.org/papers/volume10//10.1145/1577069.1577100foster09a/foster09a.pdf}, 
    Journal = {Journal of Machine Learning Research}, 
    Title = {Stable and Efficient Gaussian Process Calculations}, 
    Volume = {10}, 
    Year = {2009}, 
    Pages = {857-905} 
}

@inproceedings{weiss2007,
  added-at = {2007-12-20T00:00:00.000+0100},
  author = {Weiss, Gary and McCarthy, Kate and Zabar, Bibi},
  biburl = {http://www.bibsonomy.org/bibtex/2e8ee0778a9868bb44e34bf7c615c4e35/dblp},
  booktitle = {DMIN},
  date = {2007-12-20},
  description = {dblp},
  editor = {Stahlbock, Robert and Crone, Sven F. and Lessmann, Stefan},
  interhash = {493da8b9a804fe70fe6202736d44d429},
  intrahash = {e8ee0778a9868bb44e34bf7c615c4e35},
  isbn = {1-60132-031-0},
  keywords = {dblp},
  pages = {35-41},
  publisher = {CSREA Press},
  timestamp = {2007-12-21T11:03:46.000+0100},
  title = {Cost-Sensitive Learning vs. Sampling: Which is Best for Handling Unbalanced Classes with Unequal Error Costs?},
  url = {http://dblp.uni-trier.de/db/conf/dmin/dmin2007.html#WeissMZ07},
  year = 2007
}

@article{schwarz1978,
  author =	"G. Schwarz",
  title =	"Estimating the dimension of a model",
  journal =	"Ann. Stat.",
  year = 	"1978",
  volume =	"14",
  pages =	"461--64",
  keywords =	"BIC, SBC",
}

@article{lecun1998,
  author =	"Y. LeCun and L. Bottou and G. B. Orr and K.-R.
		 Mueller",
  title =	"Efficient {BackProp}",
  journal =	"Lecture Notes in Computer Science",
  volume =	"1524",
  pages =	"9--??",
  year = 	"1998",
  CODEN =	"LNCSD9",
  ISSN = 	"0302-9743",
  bibdate =	"Tue Jan 5 08:21:58 MST 1999",
  acknowledgement = "Nelson H. F. Beebe, Center for Scientific
		 Computing, University of Utah, Department of
		 Mathematics, 110 LCB, 155 S 1400 E RM 233, Salt Lake
		 City, UT 84112-0090, USA, Tel: +1 801 581 5254, FAX: +1
		 801 581 4148, e-mail: \path|beebe@math.utah.edu|,
		 \path|beebe@acm.org|, \path|beebe@computer.org|,
		 \path|beebe@ieee.org| (Internet), URL:
		 \path|http://www.math.utah.edu/~beebe/|",
}

@book{jolliffe1986,
  author =	"I. T. Jolliffe",
  title =	"Principal Component Analysis",
  publisher =	"Springer-Verlag",
  address =	"New York, New York",
  year = 	"1986",
}

@article{roberts2012rs,
  title={Gaussian processes for time-series modelling},
  author={Roberts, S and Osborne, M and Ebden, M and Reece, S and Gibson, N and Aigrain, S},
  journal={Philosophical Transactions of the Royal Society A: Mathematical, Physical and Engineering Sciences},
  volume={371},
  number={1984},
  pages={20110550},
  year={2013},
  publisher={The Royal Society}
}

@software{stableGP,
  author = {{Ashok Srivastava}},
  title = {stable{GP}},
  url = {https://c3.nasa.gov/dashlink/resources/123/},
  year = {2010},
  month = {October}
}
